@inproceedings{weirich2011binders,
  title={Binders unbound},
  author={Weirich, S. and Yorgey, B.A. and Sheard, T.},
  booktitle={ACM SIGPLAN Notices},
  volume={46},
  note="\url{http://hackage.haskell.org/package/unbound}",
  pages={333--345},
  year={2011},
  organization={ACM}
}

@article{aydemir2010lngen,
  title={LNgen: Tool support for locally nameless representations},
  author={Aydemir, B. and Weirich, S.},
  year={2010}
}


@article{aydemir2008engineering,
  title={Engineering formal metatheory},
  author={Aydemir, B. and Chargu{\'e}raud, A. and Pierce, B.C. and Pollack, R. and Weirich, S.},
  journal={ACM SIGPLAN Notices},
  volume={43},
  number={1},
  pages={3--15},
  year={2008},
  publisher={ACM}
}

